@article{apiDef, 
	author={Martin P. Robillard and Eric Bodden and David Kawrykow and Mira Mezini and Tristan Ratchford}, 
	title={Automated {API} Property Inference Techniques}, 
	journal={Transactions on Software Engineering}, 
	year={2013}, 
	volume={39}, 
	number={5}, 
	pages={613--637}, 
}

@MastersThesis{joao2013,
	author = {João Montandon},
	title = {Documenting Application Programming Interfaces with Source Code Examples},
	school = {UFMG},
	year = {2013},
	pdf = {http://www.dcc.ufmg.br/~mtov/diss/2013_joao.pdf}
}

@inproceedings{danilo, 
	author = {Danilo Silva and Nikolaos Tsantalis and Marco Tulio Valente}, 
	title = {Why We Refactor? {Confessions} of {GitHub} Contributors}, 
	booktitle = {24th International Symposium on the Foundations of Software Engineering (FSE)}, 
	year = {2016}, 
	pages = {1--12}, 
}


@article{fire, 
	author={E. Murphy-Hill and T. Zimmermann and C. Bird and N. Nagappan}, 
	title={The Design Space of Bug Fixes and How Developers Navigate It}, 
	journal={Transactions on Software Engineering}, 
	year={2015}, 
	volume={41}, 
	number={1}, 
	pages={65-81}, 
}

@inproceedings{Saner2017, 
	author = {Laerte Xavier and Aline Brito and Andre Hora and Marco Tulio Valente}, 
	title = {Historical and Impact Analysis of {API} Breaking Changes: A Large-Scale Study}, 
	booktitle = {24rd International Conference on Software Analysis, Evolution and Reengineering (SANER)}, 
	year = {2017},
	pages = {1--10}
}

@inproceedings{era2017, 
	author = {Laerte Xavier and Andre Hora and Marco Tulio Valente}, 
	title = {Why do We Break {APIs}? First Answers from Developers}, 
	booktitle = {24th International Conference on Software Analysis, Evolution and Reengineering (SANER)}, 
	year = {2017}, 
	pages = {1--5}, 
}

@inproceedings{vem2017, 
	author = {Laerte Xavier and Aline Brito and Andre Hora and Marco Tulio Valente}, 
	title = {Um Estudo em Larga Escala sobre Estabilidade de {APIs}}, 
	booktitle = {4th Brazilian Workshop on Software Visualization, Evolution and Maintenance (VEM)}, 
	year = {2016}, 
	pages = {1--8}, 
}

@inproceedings{thematic,
author = {Daniela S. Cruzes and Tore Dyba},
title = {Recommended Steps for Thematic Synthesis in Software Engineering},
booktitle = {5th International Symposium on Empirical Software Engineering and Measurement (ESEM)},
year = {2011},
pages = {275--284},
}

@inproceedings{thung16,
	author={Christopher Bogart and Christian K{\"a}stner and James Herbsleb and Ferdian Thung},
	title={How to Break an {API}: cost Negotiation and Community Values in Three Software Ecosystems},
	booktitle={24th Symposium on the Foundations of Software Engineering (FSE)},
	year={2016},
	pages={1--12}
}

@inproceedings{van12,
	author = {Steven Raemaekers and Arie van Deursen and Joost Visser},
	title = {Measuring Software Library Stability Through Historical Version Analysis},
	booktitle = {28th International Conference on Software Maintenance (ICSM)},
	year = {2012},
	pages = {378--387}
} 

@inproceedings{dig,
	author = {Danny Dig and Ralph Johnson},
	title = {How Do {API}s Evolve? {A} Story of Refactoring},
	booktitle = {22nd International Conference on Software Maintenance (ICSM)},
	pages = {83--107},
	year = {2006}
} 

@article{boa2,
	author = {Robert Dyer and Hoan Anh Nguyen and Hridesh Rajan and Tien N. Nguyen},
	title = {Boa: ultra-Large-Scale Software Repository and Source-Code Mining},
	journal = {Transactions on Software Engineering and Methodology},
	year = {2015},
	pages = {1--34},
	volume = {25},
	number = {1}
} 

@article{Cout12a,
	author    = {Cesar Couto and Joao Eduardo Montandon and Christofer Silva and Marco Tulio Valente}, 
	title     = {{Static Correspondence and Correlation Between Field Defects and Warnings Reported by a Bug Finding Tool}},
	journal   = {Software Quality Journal},
	year      = {2012},
	pages     = {1--17},
	volume = {21},
	number = {2}
}

@inproceedings{boa,
	author = {Robert Dyer and Hoan Anh Nguyen and Hridesh Rajan and Tien N. Nguyen},
	title = {Boa: a Language and Infrastructure for Analyzing Ultra-large-scale Software Repositories},
	booktitle = {35th International Conference on Software Engineering (ICSE)},
	year = {2013},
	pages = {422--431}
} 

@inproceedings{Kim07a,
 	author = {Sunghun Kim and Michael D. Ernst},
 	title = {{Which Warnings Should I Fix First?}},
	booktitle = {{6th International Symposium on the Foundations of Software Engineering (FSE)}},
	year = {2007},
	pages = {45--54}
}

@inproceedings{Zimm06a,
 	author = {Thomas Zimmermann and Sunghun Kim and Andreas Zeller and E. James Whitehead,Jr.},
 	title = {{Mining Version Archives for Co-changed Lines}},
 	booktitle = {3rd International Workshop on Mining Software Repositories (MSR)},
 	year = {2006},
 	pages = {72--75}
} 

@inproceedings{Audr00a,
  	author = {Audris Mockus and Lawrence G. Votta},
  	title = {{Identifying Reasons for Software Changes using Historic Databases}},
  	booktitle = {16th International Conference on Software Maintenance (ICSM)},
  	pages = {120--130},
  	year = {2000}
}

@inproceedings{Sliw05a,
 	author = {Jacek \'{S}liwerski and Thomas Zimmermann and Andreas Zeller},
 	title = {{When do Changes Induce Fixes?}},
 	booktitle = {2nd International Workshop on Mining Software Repositories (MSR)},
 	year = {2005},
 	pages = {1--5}
} 

@inproceedings{Kim06a,
 	author = {Sunghun Kim and Thomas Zimmermann and Kai Pan and E. James Jr. Whitehead},
 	title = {{Automatic Identification of Bug-Introducing Changes}},
 	booktitle = {21st International Conference on Automated Software Engineering (ASE)},
 	year = {2006},
 	pages = {81--90}
}

@inproceedings{Boog09a,
  	author = {Cathal Boogerd and Leon Moonen},
  	title = {{Evaluating the Relation Between Coding Standard Violations and Faults Within and Across Software Versions}},
  	booktitle = {{6th Working Conference on Mining Software Repositories (MSR)}},
  	year = {2009},
  	pages = {41--50}
}

@inproceedings{Boog08a,
	author={Cathal Boogerd and Leon Moonen},
	title={{Assessing the Value of Coding Standards: An Empirical Study}},
	booktitle={24th International Conference on Software Maintenance (ICSM)},
	year={2008},
	pages = {1--10}
}

@incollection {Reng10a,
  	author = {Lukas Renggli and St\'ephane Ducasse and Tudor G\^irba and Oscar Nierstrasz},
   	title = {{Domain-Specific Program Checking}},
   	booktitle = {48th International Conference on Objects, Models, Components, Patterns (TOOLS)},
   	year = {2010},
   	pages = {213--232}
}

@article{Will05a,
 	author = {Chadd C. Williams and Jeffrey K. Hollingsworth},
 	title = {{Automatic Mining of Source Code Repositories to Improve Bug Finding Techniques}},
 	journal = {IEEE Transactions on Software Engineering},
 	volume = {31},
 	number = {6},
 	year = {2005},
 	pages = {466--480}
} 

@inproceedings{Ostr04a,
 	author = {Thomas J. Ostrand and Elaine J. Weyuker and Robert M. Bell},
 	title = {{Where the Bugs Are}},
 	booktitle = {International Symposium on Software Testing and Analysis (ISSTA)},
 	year = {2004},
 	pages = {86--96}
} 

@article{Duca07a,
	author={S. Ducasse and A. Lienhard and L. Renggli},
	journal={IEEE Software},
	title={{Seaside: A Flexible Environment for Building Dynamic Web Applications}},
	year={2007},
	volume = {24},
	number = {5},
	pages = {56--63}
}

@inproceedings{Hove04a,
 	author = {Hovemeyer, David and Pugh, William},
 	title = {{Finding Bugs is Easy}},
 	booktitle = {Object Oriented Programming Systems Languages and Applications},
 	year = {2004}
} 

@inproceedings{Daws00a,
 	author = {Engler, Dawson and Chelf, Benjamin and Chou, Andy and Hallem, Seth},
 	title = {{Checking system Rules Using System-specific, Programmer-Written Compiler Extensions}},
 	booktitle = {Symposium on Operating System Design \& Implementation},
 	year = {2000}
} 

@inproceedings{Corm00a,
 	author = {Flanagan, Cormac and Leino, K. Rustan M. and Lillibridge, Mark and Nelson, Greg and Saxe, James B. and Stata, Raymie},
 	title = {{Extended Static Checking for Java}},
 	booktitle = {Conference on Programming Language Design and Implementation},
 	year = {2002}
} 

@inproceedings{John78a,
    author = {S. C. Johnson},
    title = {{Lint, a C Program Checker}},
    booktitle = {Unix Programmer�s Manual},
    year = {1978}
}

@article{Robe97a,
 	author = {Roberts, Don and Brant, John and Johnson, Ralph},
 	title = {{A Refactoring Tool for Smalltalk}},
 	journal = {Theory and Practice of Object Systems},
 	issue_date = {1997},
 	volume = {3},
 	year = {1997}
} 

@incollection{Engl05a,
 	author = {Engler, Dawson},
 	chapter = {{Static Analysis Versus Model Checking for Bug Finding}},
 	title = {Concurrency Theory},
 	editor = {Abadi, Mart\'{\i}n and de Alfaro, Luca},
 	year = {2005},
} 

@inproceedings{Krem04a,
 	author = {Kremenek, Ted and Ashcraft, Ken and Yang, Junfeng and Engler, Dawson},
	title = {{Correlation Exploitation in Error Ranking}},
 	booktitle = {Symposium on Foundations of Software Engineering},
 	year = {2004}
} 

@inproceedings{Kim06b,
 	author = {Kim, Sunghun and Pan, Kai and Whitehead,Jr., E. E. James},
 	title = {{Memories of Bug Fixes}},
 	booktitle = {International Symposium on Foundations of Software Engineering},
 	year = {2006}
} 

@inproceedings{Li06a,
 	author = {Li, Zhenmin and Tan, Lin and Wang, Xuanhui and Lu, Shan and Zhou, Yuanyuan and Zhai, Chengxiang},
 	title = {{Have Things Changed Now? An Empirical Study of Bug Characteristics in Modern Open Source Software}},
 	booktitle = {Proceedings of the 1st workshop on Architectural and system support for improving software dependability},
 	year = {2006}
}

@techreport{Basa06a,
     title = {{Correlation Between Coding Standards Compliance and Software Quality}},
     author = {Wojciech Basalaj and Frank van den Beuken},
     year = {2006},
     institution = {Programming Research}
}

@inproceedings{Wagn08a,
 	author = {Wagner, Stefan and Deissenboeck, Florian and Aichner, Michael and Wimmer, Johann and Schwalb, Markus},
 	title = {{An Evaluation of Two Bug Pattern Tools for Java}},
 	booktitle = {International Conference on Software Testing, Verification, and Validation},
 	year = {2008}
} 

@inproceedings{Livs05a,
 	author = {Livshits, Benjamin and Zimmermann, Thomas},
 	title = {{DynaMine: Finding Common Error Patterns by Mining Software Revision Histories}},
 	booktitle = {European Software Engineering Conference and the ACM SIGSOFT Symposium on The foundations of Software Engineering},
 	year = {2005}
} 

@article{Arau11a,
	author={Joao Araujo Filho, Silvio Souza and Marco Tulio Valente},
	journal={Software, IET},
	title={{Study on the Relevance of the Warnings Reported by Java Bug-Finding Tools}},
	year={2011},
	volume={5},
	number={4}
}

@inproceedings{Nguy10a,
 	author = {Nguyen, Tung Thanh and Nguyen, Hoan Anh and Pham, Nam H. and Al-Kofahi, Jafar and Nguyen, Tien N.},
 	title = {{Recurring Bug Fixes in Object-Oriented Programs}},
 	booktitle = {International Conference on Software Engineering},
 	year = {2010}
} 

@book{Wohl00a,
 	author = {Wohlin, Claes and Runeson, Per and H\"{o}st, Martin and Ohlsson, Magnus C. and Regnell, Bj\"{o}orn and Wessl{\'e}n, Anders},
 	title = {{Experimentation in Software Engineering: An Introduction}},
 	year = {2000},
 	publisher = {Kluwer Academic Publishers}
}

@book{Jans13a,
	author = {Jansen, Slinger and Brinkkemper, Sjaak and Cusumano, Michael},
	title = {Software Ecosystems: Analyzing and Managing Business Networks in the Software Industry},
	year = {2013},
	publisher = {Edward Elgar Pub}
}

@inproceedings{Hora12b,
    Title = {Domain Specific Warnings: are They Any Better?},
    Author = {Andre Hora and Nicolas Anquetil and Stephane Ducasse and Simon Allier},
    Booktitle = {28th International Conference on Software Maintenance (ICSM)},
    Year = {2012},
    pages={441--450}
}

@inproceedings{Sun12a,
 author = {Sun, Boya and Shu, Gang and Podgurski, Andy and Robinson, Brian},
 title = {Extending Static Analysis by Mining Project-Specific Rules},
 booktitle = {International Conference on Software Engineering},
 year = {2012}
} 

@inproceedings{Kim09a,
 author = {Miryung Kim and David Notkin},
 title = {Discovering and Representing Systematic Code Changes},
 booktitle = {31st International Conference on Software Engineering (ICSE)},
 year = {2009},
 pages = {309--319}
}

@inproceedings{Mileva11a,
 author = {Mileva, Yana Momchilova and Wasylkowski, Andrzej and Zeller, Andreas},
 title = {{Mining Evolution of Object Usage}},
 booktitle = {European Conference on Object-Oriented Programming},
 year = {2011}
} 

@article{Heck11a,
	Author = {Heckman, Sarah and Williams, Laurie},
	Issue = {4},
	Journal = {Information and Software Technology},
	Pages = {363--387},
	Publisher = {Butterworth-Heinemann},
	Title = {{A Systematic Literature Review of Actionable Alert Identification Techniques for Automated Static Code Analysis}},
	Volume = {53},
	Year = {2011}
}

@inproceedings{Alli12a,
  	author = {Simon Allier and Nicolas Anquetil and Andre Hora and Stephane Ducasse},
  	booktitle = {{Working Conference on Reverse Engineering}},
  	title = {{A Framework to Compare Alert Ranking Algorithms}},
  	year = {2012}
}

@inproceedings{Nguy10b,
 author = {Hoan Anh Nguyen and Tung Thanh Nguyen and Gary Wilson,Jr. and Anh Tuan Nguyen and Miryung Kim and Tien N.Nguyen},
 title = {A graph-based approach to {API} usage adaptation},
 booktitle = {{International Conference on Object Oriented Programming Systems Languages and Applications (OOPSLA)}},
 year = {2010},
 pages = {302--321}
} 

@book{Cop05,
 	author = {Tom Copeland},
 	title = {{PMD Applied}},
 	year = {2005},
 	publisher = {Centennial Books}
}

@article{Lo08,
author = {Lo, David and Khoo, Siau-Cheng and Liu, Chao},
title = {{Mining Temporal Rules for Software Maintenance}},
journal = {Journal of Software Maintenance and Evolution: Research and Practice},
volume = {20},
number = {4},
publisher = {John Wiley & Sons, Ltd.},
year = {2008}
}

@article{Lo12,
title = {{Mining Quantified Temporal Rules: Formalism, Algorithms, and Evaluation}},
journal = {Science of Computer Programming },
volume = {77},
number = {6},
year = {2012},
author = {David Lo and G. Ramalingam and Venkatesh-Prasad Ranganath and Kapil Vaswani}
}

@inproceedings{Thun12,
 author = {Thung, Ferdian and Lucia and Lo, David and Jiang, Lingxiao and Rahman, Foyzur and Devanbu, Premkumar T.},
 title = {To what extent could we detect field defects? an empirical study of false negatives in static bug finding tools},
 booktitle = {International Conference on Automated Software Engineering},
 year = {2012},
 pages = {50--59}
} 

@inproceedings{Agra94,
  author    = {Rakesh Agrawal and
               Ramakrishnan Srikant},
  title     = {Fast Algorithms for Mining Association Rules in Large Databases},
  booktitle = {International Conference on Very Large Data Bases},
  publisher = {Morgan Kaufmann},
  year      = {1994},
  pages     = {487-499}
}

@misc{Zaki02,
  title={Fundamentals of Data Mining Algorithms},
  author={Zaki, M and Meira Jr, Wagner},
  year={2012},
  publisher={Cambridge University Press}
}

@inproceedings{Nier05,
 author = {Nierstrasz, Oscar and Ducasse, St{\'e}phane and G\v{\i}rba, Tudor},
 title = {{The story of moose: an agile reengineering environment}},
 booktitle = {European software engineering conference held jointly with the ACM SIGSOFT international symposium on Foundations of software engineering},
 series = {ESEC/FSE-13},
 year = {2005}
} 

@techreport{Duca11,
    title = {{MSE and FAMIX 3.0: an Interexchange Format and Source Code Model Family}},
    author = {Ducasse, St{\'e}phane and Anquetil, Nicolas and Bhatti, Muhammad Usman and Hora, Andre and Laval, Jannik and Girba, Tudor},
    affiliation = {RMOD - INRIA Lille - Nord Europe , Software Composition Group - SCG},
    year = {2011}
}

@inproceedings{Hora13, 
	author = {Andre Hora and Nicolas Anquetil and Stephane Ducasse and Marco Tulio Valente}, 
	title = {Mining System Specific Rules from Change Patterns}, 
	booktitle = {20th Working Conference on Reverse Engineering (WCRE)}, 
	year = {2013}, 
	pages = {331--340}
}

@book{Blac09a,
  Author	   = {Andrew Black and St\'ephane Ducasse and Oscar
				  Nierstrasz and Damien Pollet and Damien Cassou and
				  Marcus Denker},
  Publisher	= {Square Bracket Associates},
  Title		   = {Pharo by Example},
  Url		   = {http://pharobyexample.org},
  Year		   = {2009}
}

@mastersthesis{Bung09a,
  Author       = {Philipp Bunge},
  Institution  = {University of Bern},
  Keywords     = {scg-msc jb09 hasler09 moose-pub},
  School       = {University of Bern},
  Title	       = {Scripting Browsers with {Glamour}},
  Type	       = {Master's Thesis},
  Year	       = {2009}}
  
@inproceedings{Scha08,
        title = {Mining framework usage changes from instantiation code},
    author = {Thorsten Sch\"{a}fer and Jan Jonas and Mira Mezini},
    booktitle = {30th International Conference on Software Engineering (ICSE)},
    year = {2008},
    pages={471--480}
}

@inproceedings{Kim05,
  title = {When Functions Change Their Names: Automatic Detection of Origin Relationships.},
  author = {Kim, Sunghun and Pan, Kai and Jr., E. James Whitehead},
  booktitle = {{Working Conference on Reverse Engineering}},
  year = {2005}
}

@inproceedings{Dage08,
    author = {Barthelemy Dagenais and Martin P. Robillard},
    title = {Recommending adaptive changes for framework evolution},
    booktitle = {30th International Conference on Software Engineering (ICSE)},
    year = {2008},
    pages={481--490}
}

@inproceedings{Robb12,
  title={{How do developers react to {API} deprecation? The case of a {Smalltalk} ecosystem}},
  author={Romain Robbes and Mircea Lungu and David R{\"o}thlisberger},
  booktitle={20th International Symposium on the Foundations of Software Engineering (FSE)},
  year={2012},
  pages={1--11}
}

@article{Lung09,
  title={{Reverse Engineering Software Ecosystems}},
  author={Lungu, Mircea},
  journal={PhD thesis, University of Lugano, Switzerland (October 2009)},
  year={2009}
}

@book{Berg13,
  Author	   = {Alexandre Bergel and Damien Cassou and St\'ephane Ducasse and Jannik Laval},
  Publisher	= {Square Bracket Associates},
  Title		   = {Deep into Pharo},
  Url		   = {http://deepintopharo.com},
  Year		   = {2013}
}

@inproceedings{Hora14a, 
	author = {Andre Hora and Anne Etien and Nicolas Anquetil and Stephane Ducasse and Marco Tulio Valente}, 
	title = {{APIEvolutionMiner}: keeping {API} Evolution under Control}, 
	booktitle = {21th Working Conference on Reverse Engineering (WCRE)}, 
	year = {2014}, 
	pages = {420--424}, 
}


@inproceedings{Wu10, 
	author={Wei Wu and Y.-G. Gueheneuc and G. Antoniol and Miryung Kim}, 
	booktitle={32nd International Conference on Software Engineering (ICSE)}, 
	title={AURA: a hybrid approach to identify framework evolution}, 
	year={2010},
	pages = {325--334}
}

@article{Bala05,
 author = {Balaban, Ittai and Tip, Frank and Fuhrer, Robert},
 title = {Refactoring Support for Class Library Migration},
 journal = {SIGPLAN Not.},
 volume = {40},
 number = {10},
 year = {2005},
 publisher = {ACM}
}

@inproceedings{Henk05,
 author = {Johannes Henkel and Amer Diwan},
 title = {CatchUp!: capturing and Replaying Refactorings to Support {API} Evolution},
 booktitle = {27th International Conference on Software Engineering (ICSE)},
 year = {2005},
 pages = {274--283}
} 

@inproceedings{King96, 
author={Chow Kingsum and D. Notkin}, 
booktitle={12th International Conference on Software Maintenance (ICSM)}, 
title={Semi-automatic update of applications in response to library changes}, 
year={1996},
pages ={359--379}
}

@inproceedings{Kim07,
 author = {Miryung Kim and David Notkin and Dan Grossman},
 title = {Automatic Inference of Structural Changes for Matching Across Program Versions},
 booktitle = {29th International Conference on Software Engineering (ICSE)},
 pages={333--343},
 year = {2007}
}

@inproceedings{Meng12, 
author={Sichen Meng and Xiaoyin Wang and Lu Zhang and Hong Mei}, 
booktitle={34th International Conference on Software Engineering (ICSE)}, 
title={A history-based matching approach to identification of framework evolution}, 
year={2012},
pages={353--363}
}

@inproceedings{Boul06, 
author={Boulanger, J.S. and Robillard, M.P.}, 
booktitle={International Conference on Software Maintenance}, 
title={Managing Concern Interfaces}, 
year={2006}
}

@inproceedings{Gok13,
  title={Inferring likely mappings between {APIs}},
  author={Gokhale, Amruta and Ganapathy, Vinod and Padmanaban, Yogesh},
  booktitle={International Conference on Software Engineering},
  year={2013}
}

@inproceedings{Zhon10,
  title={Mining {API} mapping for language migration},
  author={Zhong, Hao and Thummalapenta, Suresh and Xie, Tao and Zhang, Lu and Wang, Qing},
  booktitle={International Conference on Software Engineering},
  year={2010}
}

@article{Mess05,
  title={Software ecosystem: understanding an indispensable technology and industry},
  author={Messerschmitt, David G and Szyperski, Clemens},
  journal={MIT Press Books},
  volume={1},
  year={2005},
  publisher={The MIT Press}
}

@inproceedings{Jerg11,
  title={The onion patch: migration in open source ecosystems},
  author={Jergensen, Corey and Sarma, Anita and Wagstrom, Patrick},
  booktitle={{European Conference on Foundations of Software Engineering}},
  year={2011},
  organization={ACM}
}

@inproceedings{Coss12,
  title={Seeking the ground truth: a retroactive study on the evolution and migration of software libraries},
  author={Cossette, Bradley E and Walker, Robert J},
  booktitle={{International Symposium on the Foundations of Software Engineering}},
  year={2012},
  organization={ACM}
}

@article{Lung10a,
  title={The small project observatory: Visualizing software ecosystems},
  author={Lungu, Mircea and Lanza, Michele and G{\^\i}rba, Tudor and Robbes, Romain},
  journal={Science of Computer Programming},
  volume={75},
  number={4},
  year={2010},
  publisher={Elsevier}
}

@inproceedings{Lung10b,
  title={Recovering inter-project dependencies in software ecosystems},
  author={Lungu, Mircea and Robbes, Romain and Lanza, Michele},
  booktitle={International Conference on Automated Software Engineering},
  year={2010},
  organization={ACM}
}

@article{Gonz09,
  title={Macro-level software evolution: a case study of a large software compilation},
  author={Gonzalez-Barahona, Jesus M and Robles, Gregorio and Michlmayr, Martin and Amor, Juan Jos{\'e} and German, Daniel M},
  journal={Empirical Software Engineering},
  volume={14},
  number={3},
  year={2009},
  publisher={Springer}
}

@inproceedings{Grus10,
  title={Learning from 6,000 projects: lightweight cross-project anomaly detection},
  author={Gruska, Natalie and Wasylkowski, Andrzej and Zeller, Andreas},
  booktitle={International Symposium on Software Testing and Analysis},
  year={2010},
  organization={ACM}
}

@inproceedings{McDo13,
  title={An Empirical Study of {API} Stability and Adoption in the {Android} Ecosystem},
  author={Tyler McDonnell and Baishakhi Ray and Miryung Kim},
  booktitle={29th International Conference on Software Maintenance (ICSM)},
  year={2013},
  pages={70--79}
}

@incollection{Mens14b,
year={2014},
booktitle={Evolving Software Systems},
editor={Mens, Tom and Serebrenik, Alexander and Cleve, Anthony},
title={Studying Evolving Software Ecosystems based on Ecological Models},
publisher={Springer Berlin Heidelberg},
author={Mens, Tom and Claes, Maálick and Grosjean, Philippe and Serebrenik, Alexander}
}

@inproceedings{Mens14a,
  title={ECOS: Ecological Studies of Open Source Software Ecosystems},
  author={Mens, Tom and Claes, Maelick and Grosjean, Philippe},
  booktitle = {{Software Evolution Week (European Conference on Software Maintenance and Working Conference on Reverse Engineering)}},
  year={2014}
}

@inproceedings{Bavo13,
  title={The Evolution of Project Inter-Dependencies in a Software Ecosystem: the Case of {Apache}},
  author={Bavota, Gabriele and Canfora, Gerardo and Penta, Massimiliano Di and Oliveto, Rocco and Panichella, Sebastiano},
  booktitle={International Conference on Software Maintenance },
  year={2013},
  organization={IEEE}
}

@inproceedings{Claes14,
  title={On the maintainability of CRAN packages},
  author={Claes, Ma{\"e}lick and Mens, Tom and Grosjean, Philippe},
  booktitle = {{Software Evolution Week (European Conference on Software Maintenance and Working Conference on Reverse Engineering)}},
  year={2014}
}

@inproceedings{Germ13,
  title={The evolution of the {R} software ecosystem},
  author={German, Daniel M and Adams, Bram and Hassan, Ahmed E},
  booktitle={European Conference on Software Maintenance and Reengineering},
  year={2013},
  organization={IEEE}
}

@inproceedings{Raem13a,
	title={The maven repository dataset of metrics, changes, and dependencies},
	author={Steven Raemaekers and Arie van Deursen and Joost Visser},
	booktitle={International Conference on Mining Software Repositories},
    pages={221--224},
	year={2013}
}

@inproceedings{Schw12,
  title={On how often code is cloned across repositories},
  author={Schwarz, Niko and Lungu, Mircea and Robbes, Romain},
  booktitle={International Conference on Software Engineering},
  year={2012},
  organization={IEEE Press}
}

@inproceedings{Haen14,
 	author = {Haenni, Nicole and Lungu, Mircea and Schwarz, Niko and Nierstrasz, Oscar},
 	title = {{A Quantitative Analysis of Developer Information Needs in Software Ecosystems}},
 	booktitle = {European Conference on Software Architecture Workshops},
	 year = {2014}
}

@article{Busi13b,
  title={{Eclipse API usage: the good and the bad}},
  author={John Businge and Alexander Serebrenik and Mark GJ van den Brand},
  journal={Software Quality Journal},
  year={2013},
  volume = {23},
  number = {1},
  pages={107--141}
}

@ARTICLE{Xing07, 
	author={Zhenchang Xing and Stroulia, E.}, 
	journal={Transactions on Software Engineering}, 
	title={API-Evolution Support with Diff-CatchUp}, 
	year={2007}, 
	volume={33}, 
	number={12}
}

@inproceedings{Kim13,
 author = {Meng, Na and Kim, Miryung and McKinley, Kathryn S.},
 title = {LASE: Locating and Applying Systematic Edits by Learning from Examples},
 booktitle = {International Conference on Software Engineering},
 year = {2013}
} 

@inproceedings{Hora15b, 
	author = {Andre Hora and Marco Tulio Valente}, 
	title = {{apiwave}: keeping Track of {API} Popularity and Migration}, 
	booktitle = {31st International Conference on Software Maintenance and Evolution (ICSME)}, 
	year = {2015}, 
	pages = {321--323}, 
}

@inproceedings{Hora15a,
  author = {Andre Hora and Romain Robbes and Nicolas Anquetil and Anne Etien and Stéphane Ducasse and Marco Tulio Valente},
  title = {How Do Developers React to {API} Evolution? {The Pharo} Ecosystem Case},
  booktitle = {31st IEEE International Conference on Software Maintenance and Evolution (ICSME)},
  year = {2015},
  pages = {251--260}
}

@inproceedings{Tour03,
  title={Automated support for framework-based software},
  author={Tourw{\'e}, Tom and Mens, Tom},
  booktitle={International Conference on Software Maintenance},
  year={2003}
}

@article{Mose96,
  title={The effect of object-oriented frameworks on developer productivity},
  author={Simon Moser and Oscar Nierstrasz},
  journal={Computer},
  volume={29},
  number={9},
  year={1996},
  pages={45--51}
}

@inproceedings{Kons09,
  title={Best principles in the design of shared software},
  author={Dino Konstantopoulos and John Marien and Mike Pinkerton and Eric Braude},
  booktitle={33rd International Computer Software and Applications Conference (COMPSAC)},
  year={2009},
  pages = {287--292}
}

@inproceedings{Tian15,
  title={What Are the Characteristics of High-Rated Apps? {A} Case Study on Free {Android} Applications},
  author={Yuan Tian and Meiyappan Nagappan and David Lo and Ahmed E Hassan},
  booktitle={31st International Conference on Software Maintenance and Evolution (ICSME)},
  year={2015},
  pages = {301--310}
}

@inproceedings{Linares13,
  title={{API} change and fault proneness: a threat to the success of {Android} apps},
  author={Mario Linares-V{\'a}squez and Gabriele Bavota and Carlos Bernal-C{\'a}rdenas and Massimiliano Di Penta and Rocco Oliveto and Denys Poshyvanyk},
  booktitle={9th International Symposium on the Foundations of Software Engineering (FSE)},
  year={2013},
  pages = {477--487}
}

@article{Grissom05,
  title={Effect sizes for research: a broad practical approach},
  author={RJ Grissom and JJ Kim},
  journal={Lawrence Erlbaum Associates Publishers},
  year={2005}
}

@article{Couto14,
  author = {Cesar Couto and Pedro Pires and Marco Tulio Valente and Roberto Bigonha and Nicolas Anquetil},
  title = {Predicting Software Defects with Causality Tests},
  journal = {Journal of Systems and Software},
  volume = {93},
  pages = {24--41},
  year = {2014},
  publisher = {Elsevier}
}

@inproceedings{Couto12b,
   author = {Cesar Couto and Christofer Silva and Marco Tulio Valente and Roberto Bigonha and Nicolas Anquetil},
   booktitle = {European Conference on Software Maintenance and Reengineering},
   title = {Uncovering Causal Relationships between Software Metrics and Bugs},
   year = {2012}
}

@book{Reth11,
  title={Statistical models for causal analysis},
  author={Retherford, Robert D and Choe, Minja Kim},
  year={2011},
  publisher={John Wiley \& Sons}
}

@inproceedings{linares14,
  title={{How do API changes trigger stack overflow discussions? A study on the Android SDK}},
  author={Mario Linares-V{\'a}squez and Gabriele Bavota and Massimiliano Di Penta and Rocco Oliveto and Denys Poshyvanyk},
  booktitle={22nd International Conference on Program Comprehension (ICPC)},
  year={2014},
  pages={83--94}
}

@inproceedings{ko14,
  title={{API Document Quality for Resolving Deprecated APIs}},
  author={Ko, Deokyoon and Ma, Kyeongwook and Park, Sooyong and Kim, Suntae and Kim, Dongsun and Le Traon, Yves},
  booktitle={Asia-Pacific Software Engineering Conference},
  year={2014}
}

@inproceedings{fse2016-andre, 
	author = {Andre Hora and Marco Tulio Valente and Romain Robbes and Nicolas Anquetil}, 
	title = {When Should Internal Interfaces be Promoted to Public?}, 
	booktitle = {24th International Symposium on the Foundations of Software Engineering (FSE)}, 
	year = {2016}, 
	pages = {1--12}, 
}

@book{reddy2011api,
  title={API Design for C++},
  author={Martin Reddy},
  year={2011},
  publisher={Morgan Kaufmann Publishers}
}

@inproceedings{Brito16, 
  author = {Gleison Brito and Andre Hora and Marco Tulio Valente and Romain Robbes}, 
  title = {Do Developers Deprecate {API}s with Replacement Messages? {A} Large-scale Analysis on {Java} Systems}, 
  booktitle = {23rd International Conference on Software Analysis, Evolution and Reengineering (SANER)}, 
  year = {2016},
  pages = {360--369}
}

@article{jezek15,
	title={How {Java} {API}s break--An empirical study},
	author={Jezek, Kamil and Dietrich, Jens and Brada, Premek},
	journal={Information and Software Technology},
	volume={65},
	number = {C},
	pages={129--146},
	year={2015},
	publisher={Elsevier}
}